<record xmlns="http://www.loc.gov/MARC21/slim">
   <leader>01159cam a2200325 a 4500</leader>
   <controlfield tag="001">1373592</controlfield>
   <controlfield tag="008">910507s1985    oncac    b        0ceng d</controlfield>
   <datafield ind1=" " ind2=" " tag="016">
      <subfield code="a">850993318</subfield>
   </datafield>
   <datafield ind1=" " ind2=" " tag="020">
      <subfield code="a">0919670954 (bound)</subfield>
      <subfield code="z">0919670946 (pbk.)</subfield>
      <subfield code="z">0919760954</subfield>
      <subfield code="z">0919760946</subfield>
   </datafield>
   <datafield ind1=" " ind2=" " tag="035">
      <subfield code="a">ocm14356496</subfield>
   </datafield>
   <datafield ind1=" " ind2=" " tag="040">
      <subfield code="a">CaOTU</subfield>
      <subfield code="b">eng</subfield>
      <subfield code="c">CaOONL</subfield>
      <subfield code="d">BViV</subfield>
   </datafield>
   <datafield ind1=" " ind2=" " tag="043">
      <subfield code="a">n-cn---</subfield>
   </datafield>
   <datafield ind1="2" ind2=" " tag="045">
      <subfield code="a">x3x4</subfield>
      <subfield code="b">d1939</subfield>
      <subfield code="b">d1945</subfield>
   </datafield>
   <datafield ind1=" " ind2=" " tag="049">
      <subfield code="a">AEU</subfield>
      <subfield code="b">eng</subfield>
   </datafield>
   <datafield ind1=" " ind2="4" tag="050">
      <subfield code="a">D811.A2</subfield>
      <subfield code="b">H52</subfield>
   </datafield>
   <datafield ind1=" " ind2="5" tag="055">
      <subfield code="a">D811*</subfield>
   </datafield>
   <datafield ind1="0" ind2=" " tag="082">
      <subfield code="a">940.54/81/71</subfield>
      <subfield code="2">19</subfield>
   </datafield>
   <datafield ind1="0" ind2=" " tag="090">
      <subfield code="a">D 811 A2 H624 1985</subfield>
   </datafield>
   <datafield ind1="1" ind2=" " tag="100">
      <subfield code="a">Hibbert, Joyce,</subfield>
      <subfield code="d">1923-</subfield>
   </datafield>
   <datafield ind1="1" ind2="0" tag="245">
      <subfield code="a">Fragments of war :</subfield>
      <subfield code="b">stories from survivors of World War II /</subfield>
      <subfield code="c">by Joyce Hibbert with a foreword by Earle Birney.</subfield>
   </datafield>
   <datafield ind1=" " ind2=" " tag="260">
      <subfield code="a">Toronto :</subfield>
      <subfield code="b">Dundurn Press,</subfield>
      <subfield code="c">1985.</subfield>
   </datafield>
   <datafield ind1=" " ind2=" " tag="300">
      <subfield code="a">267 p. :</subfield>
      <subfield code="b">ill., ports. ;</subfield>
      <subfield code="c">23 cm.</subfield>
   </datafield>
   <datafield ind1=" " ind2=" " tag="336">
      <subfield code="a">text</subfield>
      <subfield code="b">txt</subfield>
      <subfield code="2">rdacontent</subfield>
   </datafield>
   <datafield ind1=" " ind2=" " tag="337">
      <subfield code="a">unmediated</subfield>
      <subfield code="b">n</subfield>
      <subfield code="2">rdamedia</subfield>
   </datafield>
   <datafield ind1=" " ind2=" " tag="338">
      <subfield code="a">volume</subfield>
      <subfield code="b">nc</subfield>
      <subfield code="2">rdacarrier</subfield>
   </datafield>
   <datafield ind1=" " ind2=" " tag="504">
      <subfield code="a">Bibliography: p. 262.</subfield>
   </datafield>
   <datafield ind1=" " ind2=" " tag="596">
      <subfield code="a">43</subfield>
   </datafield>
   <datafield ind1=" " ind2="0" tag="650">
      <subfield code="a">World War, 1939-1945</subfield>
      <subfield code="v">Personal narratives, Canadian.</subfield>
   </datafield>
   <datafield ind1="0" ind2=" " tag="740">
      <subfield code="a">Stories from survivors of World War II.</subfield>
   </datafield>
   <datafield ind1=" " ind2=" " tag="926">
      <subfield code="a">D 811 A2 H624 1985</subfield>
      <subfield code="w">LC</subfield>
      <subfield code="c">1</subfield>
      <subfield code="i">000036466662</subfield>
      <subfield code="d">12/18/1999</subfield>
      <subfield code="l">ON_SHELF</subfield>
      <subfield code="m">UAHSS</subfield>
      <subfield code="n">4</subfield>
      <subfield code="p">$150.00</subfield>
      <subfield code="r">Y</subfield>
      <subfield code="s">Y</subfield>
      <subfield code="t">BOOK</subfield>
      <subfield code="u">5/17/1991</subfield>
   </datafield>
</record>
